
@misc{tf2,
	key = 1,
	howpublished = {\url{https://wiki.teamfortress.com/wiki/Sentry_Gun}},
	title        = {Leírás a Team Fortress 2 játékban lévő Sentry Gun-ról \hfill (Hozzáférés: 2024.11.19.)},
}


@misc{portal,
	key = 2,
	howpublished = {\url{https://theportalwiki.com/wiki/Sentry_Turret}},
	title        = {Leírás a Portal játékban lévő Sentry Gun-ról \hfill (Hozzáférés: 2024.11.19.)},
}

@misc{CIWS,
	key = 3,
	howpublished = {\url{http://www.navweaps.com/Weapons/WNUS_Phalanx.php}},
	title        = {Leírás a Phalanx CIWS rendszerről \hfill (Hozzáférés: 2024.11.19.)},
}

@misc{crows,
	key = 4,
	howpublished = {\url{https://www.globalsecurity.org/military/systems/ground/m101-crows.htm}},
	title        = {Leírás a CROWS rendszerről \hfill (Hozzáférés: 2024.01.22.)},
}

@misc{arbalet,
	key = 5,
	howpublished = {\url{http://roe.ru/eng/catalog/land-forces/RWS/arbalet-dm/}},
	title        = {Leírás az Arbalet-DM rendszerről \hfill (Hozzáférés: 2024.01.22.)},
}

@misc{defnder,
	key = 6,
	howpublished = {\url{https://fnamerica.com/products/weapon-systems/defnder-medium/}},
	title        = {Leírás az deFNder Medium rendszerről \hfill (Hozzáférés: 2024.01.22.)},
}

@misc{samsung,
	key = 7,
	howpublished = {\url{https://www.globalsecurity.org/military/world/rok/sgr-a1.htm}},
	title        = {Leírás a Samsung SGR-A1 rendszerről \hfill (Hozzáférés: 2024.02.10.)},
}

@misc{paintball,
	key = 8,
	howpublished = {\url{https://steeltownpaintball.com/what-you-should-know-about-paintball-buying-upgrades-and-more/}},
	title        = {Információ a paintball fegyverekről \hfill (Hozzáférés: 2024.10.22.)},
}

@misc{paintballrobot,
	key = 9,
	howpublished = {\url{https://community.robotshop.com/robots/show/robotic-paintball-sentry}},
	title        = {Információ a paintball robotról \hfill (Hozzáférés: 2024.10.22.)},
}

@misc{nerf,
	key = 10,
	howpublished = {\url{https://shop.hasbro.com/en-us/nerf}},
	title        = {Információ a Nerf fegyverekről \hfill (Hozzáférés: 2024.10.22.)},
}

@misc{airsoft,
	key = 11,
	howpublished = {\url{https://highspeedbbs.com/all-about-airsoft-guns-types-styles-facts-science/}},
	title        = {Információ az airsoft fegyverekről \hfill (Hozzáférés: 2024.10.22.)},
}

@misc{airsoftteszt,
	key = 12,
	howpublished = {\url{http://www.airsoftlab.eu/docs/experiments/motor_current/}},
	title        = {Teszt az airsoft gearbox áramfogyasztásáról \hfill (Hozzáférés: 2024.10.22.)},
}

@misc{nema17,
	key = 13,
	howpublished = {\url{https://www.cncitalia.net/file/pdf/nemastandard.pdf}},
	title        = {A NEMA szabvány\hfill (Hozzáférés: 2024.10.22.)},
}

@misc{bambu,
	key = 14,
	howpublished = {\url{https://bambulab.com/en/a1}},
	title        = {Bambu Lab A1\hfill (Hozzáférés: 2024.10.22.)},
}

@misc{4gbforum,
	key = 15,
	howpublished = {\url{https://forums.raspberrypi.com/viewtopic.php?t=366431}},
	title        = {Felhasználói diskurzus a Raspberry PI gépi látás kapacitásáról\hfill (Hozzáférés: 2024.10.22.)},
}

@misc{raspberry4,
	key = 16,
	howpublished = {\url{https://www.raspberrypi.com/products/raspberry-pi-4-model-b/specifications/}},
	title        = {Raspberry 4B specifikációk\hfill (Hozzáférés: 2024.10.22.)},
}

@misc{stepperhat,
	key = 17,
	howpublished = {\url{https://www.waveshare.com/wiki/Stepper_Motor_HAT}},
	title        = {Waveshare stepper motor hat spevifikációk\hfill (Hozzáférés: 2024.10.22.)},
}

@misc{raspberrycam,
	key = 18,
	howpublished = {\url{https://www.raspberrypi.com/products/camera-module-v2/}},
	title        = {Raspberry 2 kamera specifikációk\hfill (Hozzáférés: 2024.10.22.)},
}

@misc{opencv,
	key = 19,
	howpublished = {\url{https://www.raspberrypi.com/products/camera-module-v2/}},
	title        = {Dokumentáció az OpenCV modulról\hfill (Hozzáférés: 2024.10.22.)},
}

@misc{socket,
	key = 20,
	howpublished = {\url{https://docs.python.org/3/library/socket.html}},
	title        = {Dokumentáció a Socket modulról\hfill (Hozzáférés: 2024.10.22.)},
}

@misc{multiprocessing,
	key = 21,
	howpublished = {\url{https://docs.python.org/3/library/multiprocessing.html}},
	title        = {Dokumentáció a Multiprocessing modulról\hfill (Hozzáférés: 2024.10.22.)},
}

@misc{pygame,
	key = 22,
	howpublished = {\url{https://www.pygame.org/docs/}},
	title        = {Dokumentáció a Pygame modulról\hfill (Hozzáférés: 2024.10.22.)},
}

@misc{pickle,
	key = 23,
	howpublished = {\url{https://docs.python.org/3/library/pickle.html}},
	title        = {Dokumentáció a Pickle modulról\hfill (Hozzáférés: 2024.10.22.)},
}

@misc{templatematching,
	key = 24,
	howpublished = {\url{https://docs.opencv.org/4.x/d4/dc6/tutorial_py_template_matching.html}},
	title        = {Dokumentáció a CV2 Template Matching-ről\hfill (Hozzáférés: 2024.10.22.)},
}

@misc{featurematching,
	key = 25,
	howpublished = {\url{https://docs.opencv.org/3.4/dc/dc3/tutorial_py_matcher.html}},
	title        = {Dokumentáció a CV2 Feature Matching-ről\hfill (Hozzáférés: 2024.10.22.)},
}

@misc{targettracking,
	key = 26,
	howpublished = {\url{https://docs.opencv.org/4.x/d2/d0a/tutorial_introduction_to_tracker.html}},
	title        = {Dokumentáció a CV2 Target Tracking-ről\hfill (Hozzáférés: 2024.10.22.)},
}

@misc{haarcascade,
	key = 27,
	howpublished = {\url{https://docs.opencv.org/3.4/db/d28/tutorial_cascade_classifier.html}},
	title        = {Dokumentáció a CV2 Haar Cascade-ról\hfill (Hozzáférés: 2024.10.22.)},
}
